<?xml version="1.0" encoding="UTF-8"?>
<record>
  <leader>03862nam a22005175i 4500</leader>
  <controlfield tag="001">99371426239306441</controlfield>
  <controlfield tag="005">20200704024809.0</controlfield>
  <controlfield tag="006">m     o  d |      </controlfield>
  <controlfield tag="007">cr cnu||||||||</controlfield>
  <controlfield tag="008">171103s2017    gw |    o    |||| 0|eng d</controlfield>
  <datafield tag="020" ind1=" " ind2=" ">
    <subfield code="a">3-319-59952-6</subfield>
  </datafield>
  <datafield tag="024" ind1="7" ind2=" ">
    <subfield code="a">10.1007/978-3-319-59952-6</subfield>
    <subfield code="2">doi</subfield>
  </datafield>
  <datafield tag="035" ind1=" " ind2=" ">
    <subfield code="a">(CKB)4340000000223230</subfield>
  </datafield>
  <datafield tag="035" ind1=" " ind2=" ">
    <subfield code="a">(DE-He213)978-3-319-59952-6</subfield>
  </datafield>
  <datafield tag="035" ind1=" " ind2=" ">
    <subfield code="a">(MiAaPQ)EBC5576796</subfield>
  </datafield>
  <datafield tag="035" ind1=" " ind2=" ">
    <subfield code="a">(PPN)221254080</subfield>
  </datafield>
  <datafield tag="035" ind1=" " ind2=" ">
    <subfield code="a">(EXLCZ)994340000000223230</subfield>
  </datafield>
  <datafield tag="040" ind1=" " ind2=" ">
    <subfield code="a">MiAaPQ</subfield>
    <subfield code="b">eng</subfield>
    <subfield code="e">rda</subfield>
    <subfield code="e">pn</subfield>
    <subfield code="c">MiAaPQ</subfield>
    <subfield code="d">MiAaPQ</subfield>
  </datafield>
  <datafield tag="050" ind1=" " ind2="4">
    <subfield code="a">RM281</subfield>
    <subfield code="b">.P43 2017</subfield>
  </datafield>
  <datafield tag="072" ind1=" " ind2="7">
    <subfield code="a">MJCM</subfield>
    <subfield code="2">bicssc</subfield>
  </datafield>
  <datafield tag="072" ind1=" " ind2="7">
    <subfield code="a">MED044000</subfield>
    <subfield code="2">bisacsh</subfield>
  </datafield>
  <datafield tag="080" ind1=" " ind2=" ">
    <subfield code="a">315.371:616.9</subfield>
  </datafield>
  <datafield tag="080" ind1=" " ind2=" ">
    <subfield code="a">614.47:616-053.2</subfield>
  </datafield>
  <datafield tag="082" ind1="0" ind2="4">
    <subfield code="a">615.372</subfield>
    <subfield code="2">23</subfield>
  </datafield>
  <datafield tag="245" ind1="1" ind2="0">
    <subfield code="a">Pediatric Vaccines and Vaccinations</subfield>
    <subfield code="h">[electronic resource] :</subfield>
    <subfield code="b">A European Textbook /</subfield>
    <subfield code="c">edited by Timo Vesikari, Pierre Van Damme.</subfield>
  </datafield>
  <datafield tag="250" ind1=" " ind2=" ">
    <subfield code="a">1st ed. 2017.</subfield>
  </datafield>
  <datafield tag="264" ind1=" " ind2="1">
    <subfield code="a">Cham :</subfield>
    <subfield code="b">Springer International Publishing :</subfield>
    <subfield code="b">Imprint: Springer,</subfield>
    <subfield code="c">2017.</subfield>
  </datafield>
  <datafield tag="300" ind1=" " ind2=" ">
    <subfield code="a">1 v.</subfield>
    <subfield code="a">XIII, 264 p. :</subfield>
    <subfield code="b">il. ;</subfield>
    <subfield code="c">26 cm</subfield>
  </datafield>
  <datafield tag="300" ind1=" " ind2=" ">
    <subfield code="a">1 online resource (XIII, 264 p. 61 illus., 57 illus. in color.)</subfield>
  </datafield>
  <datafield tag="336" ind1=" " ind2=" ">
    <subfield code="a">text</subfield>
    <subfield code="b">txt</subfield>
    <subfield code="2">rdacontent</subfield>
  </datafield>
  <datafield tag="337" ind1=" " ind2=" ">
    <subfield code="a">computer</subfield>
    <subfield code="b">c</subfield>
    <subfield code="2">rdamedia</subfield>
  </datafield>
  <datafield tag="338" ind1=" " ind2=" ">
    <subfield code="a">online resource</subfield>
    <subfield code="b">cr</subfield>
    <subfield code="2">rdacarrier</subfield>
  </datafield>
  <datafield tag="500" ind1=" " ind2=" ">
    <subfield code="a">Incluye índice</subfield>
  </datafield>
  <datafield tag="530" ind1=" " ind2=" ">
    <subfield code="a">Disponible en versión electrónica e impresa</subfield>
  </datafield>
  <datafield tag="504" ind1=" " ind2=" ">
    <subfield code="a">Includes bibliographical references and index.</subfield>
  </datafield>
  <datafield tag="505" ind1="0" ind2=" ">
    <subfield code="a">Foreword -- Part I: General Vaccinology -- Expected and unexpected effects of vaccination -- How vaccinating people can also protect others -- Childhood and adolescent immunization programmes in Europe -- Vaccine hesitancy, acceptance and demand -- Adjuvants in pediatric vaccines -- Maternal immunization -- Neonatal immunization -- Part II: Viral vaccines and vaccinations -- Poliovirus vaccines -- Measles-mumps-rubella (MMR) vaccine -- Varicella vaccine -- Rotavirus vaccine -- Hepatitis A vaccine -- Hepatitis B vaccine -- Influenza vaccines -- Human papillomavirus (HPV) vaccines -- Tick borne encephalitis vaccines (TBE) -- Part III: Bacterial vaccines and vaccination -- Tuberculosis vaccines -- Pertussis vaccines -- Haemophilus influenza type b Hib vaccines -- Pediatric combination vaccines -- Pneumococcal vaccines -- Meningococcal vaccines -- Pediatric vaccines for travel outside Europe: yellow fever vaccine, Japanese encephalitis vaccine, typhoid vaccines, cholera vaccines, dengue vaccines, malaria vaccine -- New vaccines in pipeline development -- GBS, CMV and RSV vaccines -- Norovirus vaccines -- Registration of vaccines, safety follow-up and Paediatric Investigation Plan.</subfield>
  </datafield>
  <datafield tag="520" ind1=" " ind2=" ">
    <subfield code="a">This graduate textbook serves as a highly readable guide on vaccines and vaccination in infants, children and adolescents from an European perspective. The first part of the book is dedicated to childhood and adolescent vaccine schedules, maternal and neonatal immunization and safety of vaccines. In a second part we focus on viral and bacterial vaccines. Further chapters discuss pediatric travel vaccines, vaccines in the pipeline and the European registration process. This book is intended to be a reference textbook and will help to standardize the information on vaccines and immunization program in the WHO European Region.</subfield>
  </datafield>
  <datafield tag="650" ind1=" " ind2="0">
    <subfield code="a">Vaccines.</subfield>
  </datafield>
  <datafield tag="650" ind1=" " ind2="0">
    <subfield code="a">Immunology.</subfield>
  </datafield>
  <datafield tag="650" ind1=" " ind2="0">
    <subfield code="a">Pediatrics.</subfield>
  </datafield>
  <datafield tag="650" ind1="1" ind2="4">
    <subfield code="a">Vaccine.</subfield>
    <subfield code="0">https://scigraph.springernature.com/ontologies/product-market-codes/B16010</subfield>
  </datafield>
  <datafield tag="650" ind1="2" ind2="4">
    <subfield code="a">Immunology.</subfield>
    <subfield code="0">https://scigraph.springernature.com/ontologies/product-market-codes/B14000</subfield>
  </datafield>
  <datafield tag="650" ind1="2" ind2="4">
    <subfield code="a">Pediatrics.</subfield>
    <subfield code="0">https://scigraph.springernature.com/ontologies/product-market-codes/H49006</subfield>
  </datafield>
  <datafield tag="700" ind1="1" ind2=" ">
    <subfield code="a">Vesikari, Timo.</subfield>
    <subfield code="e">editor.</subfield>
    <subfield code="4">edt</subfield>
    <subfield code="4">http://id.loc.gov/vocabulary/relators/edt</subfield>
  </datafield>
  <datafield tag="700" ind1="1" ind2=" ">
    <subfield code="a">Van Damme, Pierre.</subfield>
    <subfield code="e">editor.</subfield>
    <subfield code="4">edt</subfield>
    <subfield code="4">http://id.loc.gov/vocabulary/relators/edt</subfield>
  </datafield>
  <datafield tag="830" ind1=" " ind2="0">
    <subfield code="a">Springer biomedical and life sciences ebooks.</subfield>
  </datafield>
  <datafield tag="906" ind1=" " ind2=" ">
    <subfield code="a">BOOK</subfield>
  </datafield>
  <datafield tag="MBD" ind1=" " ind2=" ">
    <subfield code="M">49HBZ_NETWORK</subfield>
    <subfield code="i">99371426239306441</subfield>
    <subfield code="n">HBZ Network</subfield>
  </datafield>
  <datafield tag="MBD" ind1=" " ind2=" ">
    <subfield code="M">49HBZ_HHL</subfield>
    <subfield code="i">991001245702106482</subfield>
    <subfield code="n">Hochschule Hamm-Lippstadt</subfield>
  </datafield>
  <datafield tag="MBD" ind1=" " ind2=" ">
    <subfield code="M">49HBZ_PAD</subfield>
    <subfield code="i">9925035148406463</subfield>
    <subfield code="n">Universitätsbibliothek Paderborn</subfield>
  </datafield>
  <datafield tag="MNG" ind1=" " ind2=" ">
    <subfield code="c">System</subfield>
    <subfield code="f">SPRINGER</subfield>
    <subfield code="i">marc21</subfield>
    <subfield code="e">false</subfield>
    <subfield code="d">2023-10-24 18:09:07 Europe/Berlin</subfield>
    <subfield code="g">994340000000223230</subfield>
    <subfield code="j">00</subfield>
    <subfield code="a">CKB</subfield>
    <subfield code="b">2022-07-06 10:54:06 Europe/Berlin</subfield>
  </datafield>
  <datafield tag="POR" ind1=" " ind2=" ">
    <subfield code="j">SpringerLink - AutoHoldings</subfield>
    <subfield code="x">System</subfield>
    <subfield code="a">5343924960006482</subfield>
    <subfield code="M">49HBZ_HHL</subfield>
    <subfield code="p">6135517190006482</subfield>
    <subfield code="q">SpringerLink Books - AutoHoldings</subfield>
    <subfield code="c">param</subfield>
    <subfield code="o">613860000000000883</subfield>
    <subfield code="y">2024-02-27 19:42:25 Europe/Berlin</subfield>
    <subfield code="w">2024-02-26 22:13:20 Europe/Berlin</subfield>
    <subfield code="D">https://eu04.alma.exlibrisgroup.com/view/uresolver/49HBZ_NETWORK/openurl?u.ignore_date_coverage=true&amp;portfolio_pid=5343924960006482&amp;Force_direct=true</subfield>
    <subfield code="v">System</subfield>
    <subfield code="z">2024-02-26 21:13:20</subfield>
    <subfield code="i">false</subfield>
    <subfield code="S">6235517180006482</subfield>
    <subfield code="d">https://hbz-network.userservices.exlibrisgroup.com/view/uresolver/49HBZ_NETWORK/openurl?u.ignore_date_coverage=true&amp;rft.mms_id=991001245702106482</subfield>
    <subfield code="b">Available</subfield>
    <subfield code="f">BOOK</subfield>
    <subfield code="8">5343924960006482</subfield>
  </datafield>
  <datafield tag="POR" ind1=" " ind2=" ">
    <subfield code="j">SpringerLink - AutoHoldings</subfield>
    <subfield code="x">System</subfield>
    <subfield code="a">53180977560006463</subfield>
    <subfield code="M">49HBZ_PAD</subfield>
    <subfield code="p">61165840130006463</subfield>
    <subfield code="q">SpringerLink Books - AutoHoldings</subfield>
    <subfield code="c">param</subfield>
    <subfield code="o">613860000000000883</subfield>
    <subfield code="y">2022-08-21 23:57:18 Europe/Berlin</subfield>
    <subfield code="w">2022-08-21 23:56:26 Europe/Berlin</subfield>
    <subfield code="D">https://eu04.alma.exlibrisgroup.com/view/uresolver/49HBZ_NETWORK/openurl?u.ignore_date_coverage=true&amp;portfolio_pid=53180977560006463&amp;Force_direct=true</subfield>
    <subfield code="v">System</subfield>
    <subfield code="z">2022-08-21 21:56:26</subfield>
    <subfield code="i">false</subfield>
    <subfield code="S">62165840120006463</subfield>
    <subfield code="d">https://hbz-network.userservices.exlibrisgroup.com/view/uresolver/49HBZ_NETWORK/openurl?u.ignore_date_coverage=true&amp;rft.mms_id=9925035148406463</subfield>
    <subfield code="b">Available</subfield>
    <subfield code="f">BOOK</subfield>
    <subfield code="8">53180977560006463</subfield>
  </datafield>
</record>
